<?xml version="1.0" encoding="UTF-8"?><collection xmlns="http://www.loc.gov/MARC21/slim"><record><leader>00534nam--2200181-i-4500</leader><controlfield tag="001">000013340</controlfield><controlfield tag="002">20161230</controlfield><controlfield tag="005">20161230201030</controlfield><controlfield tag="008">060222s1000------------r-----000-0-fre-d</controlfield><datafield ind1=" " ind2=" " tag="040"><subfield code="a">IFIN-HH</subfield></datafield><datafield ind1=" " ind2=" " tag="041"><subfield code="a">fre</subfield></datafield><datafield ind1=" " ind2=" " tag="080"><subfield code="a">520.245</subfield></datafield><datafield ind1="1" ind2=" " tag="100"><subfield code="a">Baudrand, Jacques</subfield></datafield><datafield ind1="1" ind2="0" tag="245"><subfield code="a">Obtention d'images monochromatiques de la haute couronne solaire avec une camera a focalisation electrostatique</subfield><subfield code="b">These</subfield><subfield code="c">Jacques baudrand</subfield></datafield><datafield ind1=" " ind2=" " tag="260"><subfield code="a">Paris</subfield><subfield code="b">Universite</subfield><subfield code="c">1974</subfield></datafield><datafield ind1=" " ind2=" " tag="300"><subfield code="a">53 P</subfield></datafield><datafield ind1=" " ind2=" " tag="852"><subfield code="a">48440</subfield><subfield code="c">521/522</subfield></datafield><datafield ind1=" " ind2=" " tag="CAT"><subfield code="a">Sys</subfield><subfield code="c">20130826</subfield><subfield code="h">180727</subfield></datafield></record></collection>